@book{koza92,
		author    = "Koza, John R.",
		title     = "Genetic Programming: On the Programming of Computers by Means of Natural Selection",
		publisher = "MIT Press",
		year      = "1992"
}
@article{perez1968titulo,
  title={Bibliografía en LATEX},
  author="Miguel Mata Pérez",
  journal = {Una guía concisa de BibTEX },
  year={1968}
}

@article{bortolot2005,
  title={Estimating forest biomass using small footprint LiDAR data: An individual tree-based approach that incorporates training data},
  author={Bortolot, Zachary J and Wynne, Randolph H},
  journal={ISPRS Journal of Photogrammetry and Remote Sensing},
  volume={59},
  number={6},
  pages={342--360},
  year={2005},
  publisher={Elsevier}
}


@misc{wiki:desarrollo,
       author = "Wikipedia",
       title = "Desarrollo ágil de software --- Wikipedia{,} La enciclopedia libre",
       year = "2017",
       url = "https://es.wikipedia.org/w/index.php?title=Desarrollo_%C3%A1gil_de_software&oldid=101214589",
       note = "[Internet; descargado 25-enero-2018]"
}
@misc{kanban:metodo,
       author = "Kanban Tool",
       title = "¿Por qué utilizar
la metodología Kanban? --- Método básico y principios Kanban para ayudarle a empezar",
       year = "2009",
       url = "https://kanbantool.com/es/metodologia-kanban",
       note = "[Internet; descargado 26-enero-2018]"
}

@misc{wiki:kanban,
       author = "Wikipedia",
       title = "Kanban --- Wikipedia{,} La enciclopedia libre",
       year = "2018",
       url = " https://es.wikipedia.org/w/index.php?title=Kanban&oldid=104969928",
       note = "[Internet; descargado 26-enero-2018]"
}


@misc{agile:scrum,
       author = "Elena Queralt",
       title = "¿Qué es el método SCRUM y que beneficios y ventajas va a aportar a mi negocio? --- IEBS school",
       year = "2014",
       url = "https://www.iebschool.com/blog/que-es-scrum-beneficios-ventajas-para-negocio-agile-scrum/",
       note = "[Internet; descargado 28-enero-2018]"
}


@misc{proyectos:scrum,
       author = "Proyectos Agiles",
       title = "Beneficios de Scrum --- proyectosagiles.org",
       year = "2018",
       url = "https://proyectosagiles.org/beneficios-de-scrum/",
       note = "[Internet; descargado 28-enero-2018]"
}


@misc{versionOne:soporte,
       author = "Finances Online",
       title = "VersionOne REVISIÓN, Software de gestión de proyectos --- financesonline.org",
       year = "2018",
       url = "https://reviews.financesonline.com/p/versionone/",
       note = "[Internet; descargado 29-enero-2018]"
}

@misc{wiki:bitbucket,
       author = "Wikipedia",
       title = "Bitbucket --- Wikipedia{,} La enciclopedia libre",
       year = "2017",
       url = "https://es.wikipedia.org/w/index.php?title=Bitbucket&oldid=101877087",
       note = "[Internet; descargado 29-enero-2018]"
}

@misc{redes:bitbucket,
       author = "Rubén Velasco",
       title = "Bitbucket, una alternativa al conocido controlador de versiones GitHub",
       year = "2014",
       url = "https://www.redeszone.net/2014/05/27/bitbucket-una-alternativa-al-conocido-controlador-de-versiones-github/",
       note = "[Internet; descargado 01-febrero-2018]"
}

@misc{rocreguant:bitbucket,
       author = "RocReguant",
       title = "GitHub vs Bitbucket: Que control de versiones Git usar?",
       year = "2014",
       url = "http://rocreguant.com/github-vs-bitbucket-que-control-de-versiones-git-usar/768/",
       note = "[Internet; descargado 01-febrero-2018]"
}

@misc{wiki:MIT,
       author = "Wikipedia",
       title = "Licencia MIT --- Wikipedia{,} La enciclopedia libre",
       year = "2017",
       url = "https://es.wikipedia.org/w/index.php?title=Licencia_MIT&oldid=102982117",
       note = "[Internet; descargado 01-febrero-2018]"
}

@misc{openbinars:gitlab,
       author = "Esaú A.",
       title = "SourceForge vs GitHub vs Bitbucket vs GitLab--Open Webinars",
       year = "2016",
       url = "https://openwebinars.net/blog/sourceforge-vs-github-vs-bitbucket-vs-gitlab/",
       note = "[Internet; descargado 02-febrero-2018]"
}

@misc{platzi:gitlab,
       author = "Mikenieva",
       title = "GitLab: el GitHub para tus propios servidores",
       year = "2015",
       url = "https://platzi.com/blog/que-es-gitlab/",
       note = "[Internet; descargado 03-febrero-2018]"
}


@misc{wiki:gitLab,
       author = "Wikipedia",
       title = "GitLab --- Wikipedia{,} La enciclopedia libre",
       year = "2018",
       url = "https://es.wikipedia.org/w/index.php?title=GitLab&oldid=104776073",
       note = "[Internet; descargado 03-febrero-2018]"
}

@misc{wiki:Word,
       author = "Wikipedia",
       title = "Microsoft Word --- Wikipedia{,} La enciclopedia libre",
       year = "2018",
       url = " https://es.wikipedia.org/w/index.php?title=Microsoft_Word&oldid=105247440",
       note = "[Internet; descargado 04-febrero-2018]"
}

@misc{elblogdel1:Word,
       author = "Jose Juan Perez",
       title = "Cómo ayuda Microsoft Word en la vida --- elblogdel1",
       year = "2015",
       url = "http://elblogdel1-4.blogspot.com.es/",
       note = "[Internet; descargado 05-febrero-2018]"
}

@misc{monografias:Word,
       author = "Monografias Plus",
       title = "Ventajas Y Deventajas De Microsoft Word Y Excel --- Monografias Plus",
       year = "2018",
       url = "https://www.monografias.com/docs/Ventajas-Y-Deventajas-De-Microsoft-Word-Y-F3JHPZPZBY",
       note = "[Internet; descargado 05-febrero-2018]"
}

@misc{apache:office,
       author = "Apache OpenOffice",
       title = "Por qué Apache OpenOffice --- Apache OpenOffice",
       year = "2018",
       url = "https://www.openoffice.org/why/index.html",
       note = "[Internet; descargado 05-febrero-2018]"
}

@misc{theclandia:office,
       author = "Nick Davis",
       title = "Las desventajas de OpenOffice ",
       year = "2018",
       url = "https://techlandia.com/desventajas-openoffice-lista_515669/",
       note = "[Internet; descargado 05-febrero-2018]"
}

@misc{wiki:Tex,
       author = "Wikipedia",
       title = "TeX --- Wikipedia{,} La enciclopedia libre",
       year = "2018",
       url = "https://es.wikipedia.org/w/index.php?title=TeX&oldid=105030812",
       note = "[Internet; descargado 05-febrero-2018]"
}


@misc{aq:LaTex,
       author = "etsamadrid",
       title = "¿Qué ventajas e inconvenientes tiene TeX/LaTeX?",
       year = "2018",
       url = "http://www.aq.upm.es/Departamentos/Fisica/agmartin/webpublico/latex/FAQ-CervanTeX/FAQ-CervanTeX-2.html",
       note = "[Internet; descargado 05-febrero-2018]"
}

@misc{wiki:SouceForge,
       author = "Wikipedia",
       title = "SourceForge --- Wikipedia{,} La enciclopedia libre",
       month = "feb",
       year = "2018",
       url = "https://es.wikipedia.org/w/index.php?title=SourceForge&oldid=105327358",
       note = "[Internet; descargado 05-febrero-2018]"
}

@misc{bibl:zotero,
       author = "Universidad de Salamanca",
       title = "Zotero --- Gestores Bibliográficos",
       year = "2018",
       url = "https://bibliotecas.usal.es/zotero",
       note = "[Internet; descargado 07-febrero-2018]"
}

@misc{wiki:Zotero,
       author = "Wikipedia",
       title = "Zotero --- Wikipedia{,} La enciclopedia libre",
       month = "Oct",
       year = "2017",
       url = "https://es.wikipedia.org/w/index.php?title=Zotero&oldid=102991181",
       note = "[Internet; descargado 07-febrero-2018]"
}

@misc{wiki:filtrado,
       author = "Wikipedia",
       title = "Filtrado colaborativo --- Wikipedia{,} La enciclopedia libre",
       month = "Nov",
       year = "2017",
       url = "https://es.wikipedia.org/w/index.php?title=Filtrado_colaborativo&oldid=103678409",
       note = "[Internet; descargado 09-febrero-2018]"
}

@misc{andres_gonzalez_sistemas_2014,
	title = {Sistemas de recomendación de contenido con {Machine} {Learning}},
	shorttitle = {Sistemas de {Recomendación}},
	url = {http://cleverdata.io/sistemas-recomendacion-machine-learning/},
	urldate = {2018-02-09},
	journal = {CleverData},
	author = {Andrés González},
	month = sep,
	year = {2014}
}

@misc{wiki:recomendacion,
       author = "Wikipedia",
       title = "Sistema de recomendación --- Wikipedia{,} La enciclopedia libre",
       month = "Apr",
       year = "2017",
       url = "https://es.wikipedia.org/w/index.php?title=Sistema_de_recomendaci%C3%B3n&oldid=98333356",
       note = "[Internet; descargado 10-febrero-2018]"
}
@misc{ucm:mendeley,
       author = "Universidad de Chile",
       title = "Gestor de citas bibliográficas Mendeley",
       year = "2018",
       url = "http://www.uchile.cl/portal/informacion-y-bibliotecas/ayudas-y-tutoriales/94659/mendeley",
       note = "[Internet; descargado 10-febrero-2018]"
}


@techreport{ucm:recomendacion,
author = "Almudena Ruiz Iniesta",
title = "Sistemas de recomendación, Presente y futuro de la web",
institution ="Universidad Complutense de Madrid",
year = "2018",
url = "http://gaia.fdi.ucm.es/files/people/almudena/seminario/recsys-dia1.pdf",
note = "[Internet; descargado 10-febrero-2018]"

}


@techreport{upf:recomendacion,
author = "Enrique Herrera-Viedma (Universidad de Granada), Carlos Porcel (Universidad de Jaén), Lorenzo Hidalgo (Universidad de Granada)",
title = "Sistemas de recomendaciones: herramientas para el filtrado de información en Internet",
institution ="Universidat Pompeu Fabra",
year = "2004",
url = "https://www.upf.edu/hipertextnet/numero-2/recomendacion.html",
note = "[Internet; descargado 12-febrero-2018]"

}

@misc{carl:encuestas,
       author = "Carlos Guerra Terol",
       title = "10 HERRAMIENTAS GRATUITAS PARA HACER ENCUESTAS ONLINE",
       year = "2016",
       url = "https://carlosguerraterol.com/herramientas-gratuitas-encuestas-online/",
       note = "[Internet; descargado 26-febrero-2018]"
}


@misc{ubu:docencia,
       author = "Universidad de Burgos",
       title = "Guías docentes",
       year = "2018",
       url = "http://www.ubu.es/grado-en-ingenieria-informatica/informacion-basica/guias-docentes",
       note = "[Internet; descargado 26-febrero-2018]"
}

@misc{twilio:api,
       author = "Greg Baugues ",
       title = "Google Spreadsheets and Python",
       year = "2017",
       url = "https://www.twilio.com/blog/2017/02/an-easy-way-to-read-and-write-to-a-google-spreadsheet-in-python.html",
       note = "[Internet; descargado 8-marzo-2018]"
}

@misc{xelso:trello,
       author = "Jacob Rodríguez Torres",
       title = "Guía de Trello – Gestor de tareas con Kanban",
       year = "2012",
       url = "http://www.xelso.com/oficina-en-la-nube/guia-de-trello-gestor-de-tareas-con-kanban/",
       note = "[Internet; descargado 4-abril-2018]"
}

@misc{git:gith,
       author = "Lucho CAstillo",
       title = "Conociendo-GitHub",
       year = "2012",
       url = "https://github.com/LuchoCastillo/Conociendo-GitHub/blob/master/tutorial/data/introduccion.rst",
       note = "[Internet; descargado 4-abril-2018]"
}

@misc{gits:gitHub,
       author = "Erlinis Quintana",
       title = "10 razones para usar Github",
       year = "2015",
       url = "http://gist.github.com/erlinis/57a55dfb0337f5cd15cd",
       note = "[Internet; descargado 7-abril-2018]"
}

@techreport{ubu:recomendacion,
author = "José Ignacio Santos, José Manuel Galán",
title = "Sistemas de recomendación: filtro colaborativo basado en memoria",
institution ="Universidad de Burgos",
year = "2018",
url = "https://docs.google.com/presentation/d/1rLOXGkYbAISx0xZTiThS_mbSOJgWGP2trNHO-Pwh9yY/edit#slide=id.p",
note = "[Internet; descargado 15-abril-2018]"

}
